@book{percival:multitaper,
    title = {Spectral analysis for physical applications: multipaper and conventional univariate techniques},
    author = {Percival, D.B. and Walden, A.T.},
    year = {1993},
    publisher={Cambridge University Press},
    institution = {University of Washington},
}

@article{thomson:multitaper,
    author = {Thomson, D.J.},
    booktitle = {Proceedings of the IEEE},
    journal = {Proceedings of the IEEE},
    number = {9},
    pages = {1055--1096},
    posted-at = {2009-02-26 08:45:07},
    priority = {2},
    title = {Spectrum estimation and harmonic analysis},
    volume = {70},
    year = {1982}
}

@article{slepian:seq,
    author={Slepian, D.},
    title={Program to compute discrete prolate spheroidal wave functions, sequences, and eigenvalues},
    year={1977},
    note={Technical Report TM 77-1218-8, Bell Telephone Laboratories}
}

@article{slepian:compute,
    author={Slepian, D.},
    journal={Bell System Technical Journal},
    volume={57},
    title={Prolate spheroidal wave functions, Fourier analysis, and uncertainty â€“ V: The discrete case},
    year={1978},
    pages={1371--430}
}

@book{thomson:lecture,
    author={Thomson, D.J.},
    title={Scientific Spectrum Estimation: Advanced Multitaper Methods of Time-Series Data Analysis},
    publisher={Draft},
    year={2005},
    note={Lecture notes, Queen's University}
}

@article{best:chisquared,
    author={Best, D.J. and Roberts, D.E.},
    title="Algorithm AS 91: The Percentage Points of the $\chi^2$ Distribution",
    journal={Journal of the Royal Statistical Society.  Series C (Applied Statistics)},
    volume={24},
    number={3},
    year={1975},
    pages={385--388}
}

@article{bhatt:gamma,
    author={Bhattacharjee, G.P.},
    title="Algorithm AS 32: The Incomplete Gamma Integral",
    journal={Journal of the Royal Statistical Society.  Series C (Applied Statistics)},
    volume={19},
    number={3},
    year={1970},
    pages={285--287}
}

@article{odeh:normal,
    author={Odeh, R.E. and Evans, J.O.},
    title="Algorithm AS 70: The Percentage Points of the Normal Distribution",
    journal={Journal of the Royal Statistical Society.  Series C (Applied Statistics)},
    volume={23},
    number={1},
    year={1974},
    pages={96--97}
}